<?xml version="1.0" encoding="UTF-8"?><collection xmlns="http://www.loc.gov/MARC21/slim"><record><leader>00629nam--2200205-i-4500</leader><controlfield tag="001">000031522</controlfield><controlfield tag="002">20161230</controlfield><controlfield tag="005">20161230201038</controlfield><controlfield tag="008">060222s1000------------r-----000-0-rus-d</controlfield><datafield ind1=" " ind2=" " tag="040"><subfield code="a">IFIN-HH</subfield></datafield><datafield ind1=" " ind2=" " tag="041"><subfield code="a">rus</subfield></datafield><datafield ind1=" " ind2=" " tag="080"><subfield code="a">53</subfield></datafield><datafield ind1="1" ind2=" " tag="100"><subfield code="a">Christy, Robert W</subfield></datafield><datafield ind1="1" ind2="0" tag="245"><subfield code="a">Stroenie vesestva: vvedenie v sovremennuiu fiziku</subfield><subfield code="c">Robert w. christy, agnar pytte</subfield></datafield><datafield ind1=" " ind2=" " tag="260"><subfield code="a">Moskva</subfield><subfield code="b">Fiziko-matematiceskoi Literaturi</subfield><subfield code="c">1969</subfield></datafield><datafield ind1=" " ind2=" " tag="300"><subfield code="a">595P</subfield></datafield><datafield ind1=" " ind2=" " tag="500"><subfield code="a">Titlul Original In Limba Englza: The Structure Of Matter: An Introduction To Modern Physics</subfield></datafield><datafield ind1="1" ind2=" " tag="700"><subfield code="a">Pytte, Agnar</subfield></datafield><datafield ind1=" " ind2=" " tag="852"><subfield code="a">32206</subfield><subfield code="c">53</subfield></datafield><datafield ind1=" " ind2=" " tag="CAT"><subfield code="a">Sys</subfield><subfield code="c">20150223</subfield><subfield code="h">105255</subfield></datafield></record></collection>